<?xml version="1.0" encoding="UTF-8"?><record xmlns="http://www.loc.gov/MARC21/slim" xmlns:cinclude="http://apache.org/cocoon/include/1.0" xmlns:zs="http://www.loc.gov/zing/srw/">
  <leader>00413nz  a2200121n  4500</leader>
  <controlfield tag="001">n  92010542 </controlfield>
  <controlfield tag="003">DLC</controlfield>
  <controlfield tag="005">19920130155504.4</controlfield>
  <controlfield tag="008">920130n| acannaab|          |n aaa |||  </controlfield>
  <datafield tag="010" ind1=" " ind2=" ">
    <subfield code="a">n  92010542 </subfield>
  </datafield>
  <datafield tag="040" ind1=" " ind2=" ">
    <subfield code="a">DLC</subfield>
    <subfield code="c">DLC</subfield>
  </datafield>
  <datafield tag="100" ind1="1" ind2="0">
    <subfield code="a">Schnieder, Bernd,</subfield>
    <subfield code="d">1946-</subfield>
  </datafield>
  <datafield tag="670" ind1=" " ind2=" ">
    <subfield code="a">His Betreutes Wohnen, c1991:</subfield>
    <subfield code="b">t.p. (Bernd Schnieder) p. 4 of cover (b. 1946; Professor fuĚr Wohnungsbau und Wohnungswesen, Justus-Liebig-Univ. Giessen)</subfield>
  </datafield>
</record>